% Put you own bibliography entries in this file
@techreport{IBL,
      author        = "{ATLAS Collaboration}",
      title          = "{ATLAS Insertable B-Layer Technical Design Report}",
      institution   = "CERN",
      address       = "Geneva",
      number        = "CERN-LHCC-2010-013",
      month         = "September",
      year          = "2010",
      reportNumber  = "CERN-LHCC-2010-013",
      url           = "https://cds.cern.ch/record/1291633",
}

@Booklet{IBL_perf,
      author         = "{ATLAS Collaboration}",
      title         = "{Plots of b-tagging performance before and after the installation of the Insertable B-Layer}",
      url           = "https://atlas.web.cern.ch/Atlas/GROUPS/PHYSICS/PLOTS/FTAG-2017-005",
      howpublished   = "{FTAG-2017-005}",
      year           = "{2017}",
}

@article{photon_hf,
      author         = "Aaboud, Morad and others",
      title          = "{Measurement of differential cross sections of
                        isolated-photon plus heavy-flavour jet production in pp
                        collisions at $\sqrt{s}=8$ TeV using the ATLAS detector}",
      collaboration  = "ATLAS",
      year           = "2017",
      eprint         = "1710.09560",
      archivePrefix  = "arXiv",
      primaryClass   = "hep-ex",
      reportNumber   = "CERN-EP-2017-217",
      SLACcitation   = "%%CITATION = ARXIV:1710.09560;%%"
}

@article{ttbar_MET,
      author         = "Aaboud, Morad and others",
      title          = "{Search for a scalar partner of the top quark in the jets
                        plus missing transverse momentum final state at
                        $\sqrt{s}$=13 TeV with the ATLAS detector}",
      collaboration  = "ATLAS",
      year           = "2017",
      eprint         = "1709.04183",
      archivePrefix  = "arXiv",
      primaryClass   = "hep-ex",
      reportNumber   = "CERN-PH-2017-162",
      SLACcitation   = "%%CITATION = ARXIV:1709.04183;%%"
}

@article{Hbb,
      author         = "Aaboud, Morad and others",
      title          = "{Evidence for the $H \to b\bar{b}$ decay with the ATLAS
                        detector}",
      collaboration  = "ATLAS",
      year           = "2017",
      eprint         = "1708.03299",
      archivePrefix  = "arXiv",
      primaryClass   = "hep-ex",
      reportNumber   = "CERN-EP-2017-175",
      SLACcitation   = "%%CITATION = ARXIV:1708.03299;%%"
}

@Booklet{ttHtobb,
    author         = "{ATLAS Collaboration}",
    title          = "{Search for the Standard Model Higgs boson produced in association with top quarks and decaying into a $b\bar{b}$ pair in pp collisions at $\sqrt{s} =$ 13 TeV with the ATLAS detector}",
    howpublished   = "{ATLAS-CONF-2017-076}",
    url            = "https://atlas.web.cern.ch/Atlas/GROUPS/PHYSICS/CONFNOTES/ATLAS-CONF-2017-076",
    year           = "2017",
}

@Booklet{perf_run2,
    author         = "{ATLAS Collaboration}",
      title         = "{Expected performance of the ATLAS $b$-tagging algorithms
                       in Run-2}",
    howpublished   = "{ATL-PHYS-PUB-2015-022}",
      url           = "https://cds.cern.ch/record/2037697",
      year           = "{2015}",
}

@Booklet{perf_run2_2,
    author         = "{ATLAS Collaboration}",
      title         = "{Optimisation of the ATLAS $b$-tagging performance for the
                       2016 LHC Run}",
    howpublished   = "{ATL-PHYS-PUB-2016-012}",
      url           = "https://cds.cern.ch/record/2160731",
      year           = "{2016}",
}

@Booklet{this_work,
    author         = "{ATLAS Collaboration}",
      title         = "{b-tagging calibration plots in light-flavour jets from 2015+2016 data using the negative-tag method}",
      howpublished   = "{FTAG-2017-002}",
      url           = "https://atlas.web.cern.ch/Atlas/GROUPS/PHYSICS/PLOTS/FTAG-2017-002",
      year           = "{2017}",
}

@Booklet{calib1,
    author         = "{ATLAS Collaboration}",
      title         = "{b-tagging calibration plots using dileptonic tt events produced in pp collisions at $\sqrt{s} = 13$ TeV and a combinatorial likelihood approach}",
      howpublished   = "{FTAG-2016-003}",
      url           = "http://atlas.web.cern.ch/Atlas/GROUPS/PHYSICS/PLOTS/FTAG-2016-003",
      year           = "{2016}",
}

@Booklet{calib2,
    author         = "{ATLAS Collaboration}",
      title         = "{b-tagging efficiency calibration using a tag-and-probe technique with opposite-sign, different-flavour dileptonic tt events produced in pp collisions at $\sqrt{s} = 13$ TeV}",
      howpublished   = "{FTAG-2017-001}",
      url           = "http://atlas.web.cern.ch/Atlas/GROUPS/PHYSICS/PLOTS/FTAG-2017-001",
      year           = "{2017}",
}

@Booklet{calib3,
    author         = "{ATLAS Collaboration}",
      title         = "{b-tagging efficiency calibration from 2015+2016 data on lepton+jets tt events}",
      howpublished   = "{FTAG-2017-003}",
      url           = "http://atlas.web.cern.ch/Atlas/GROUPS/PHYSICS/PLOTS/FTAG-2017-003",
      year           = "{2017}",
}

@article{anti_kt,
      author         = "Cacciari, Matteo and Salam, Gavin P. and Soyez, Gregory",
      title          = "{The Anti-k(t) jet clustering algorithm}",
      journal        = "JHEP",
      volume         = "04",
      year           = "2008",
      pages          = "063",
      doi            = "10.1088/1126-6708/2008/04/063",
      eprint         = "0802.1189",
      archivePrefix  = "arXiv",
      primaryClass   = "hep-ph",
      reportNumber   = "LPTHE-07-03",
      SLACcitation   = "%%CITATION = ARXIV:0802.1189;%%"
}


@Article{pythia,
      author         = "Sjostrand, Torbjorn and Mrenna, Stephen and Skands, Peter
                        Z.",
      title          = "{A Brief Introduction to PYTHIA 8.1}",
      journal        = "Comput. Phys. Commun.",
      volume         = "178",
      year           = "2008",
      pages          = "852-867",
      doi            = "10.1016/j.cpc.2008.01.036",
      eprint         = "0710.3820",
      archivePrefix  = "arXiv",
      primaryClass   = "hep-ph",
      reportNumber   = "CERN-LCGAPP-2007-04, LU-TP-07-28,
                        FERMILAB-PUB-07-512-CD-T",
      SLACcitation   = "%%CITATION = ARXIV:0710.3820;%%"
}

@article{nnpdflo,
      author         = "Ball, Richard D. and Bertone, Valerio and Carrazza,
                        Stefano and Del Debbio, Luigi and Forte, Stefano and
                        Guffanti, Alberto and Hartland, Nathan P. and Rojo, Juan",
      title          = "{Parton distributions with QED corrections}",
      collaboration  = "NNPDF",
      journal        = "Nucl. Phys.",
      volume         = "B877",
      year           = "2013",
      pages          = "290-320",
      doi            = "10.1016/j.nuclphysb.2013.10.010",
      eprint         = "1308.0598",
      archivePrefix  = "arXiv",
      primaryClass   = "hep-ph",
      reportNumber   = "EDINBURGH-2013-20, IFUM-1014-FT, FR-PHENO-2013-008,
                        CERN-PH-TH-2013-075",
      SLACcitation   = "%%CITATION = ARXIV:1308.0598;%%"
}

@article{pythia_ps,
      author         = "Corke, R. and Sjostrand, T.",
      title          = "{Improved Parton Showers at Large Transverse Momenta}",
      journal        = "Eur. Phys. J.",
      volume         = "C69",
      year           = "2010",
      pages          = "1-18",
      doi            = "10.1140/epjc/s10052-010-1409-0",
      eprint         = "1003.2384",
      archivePrefix  = "arXiv",
      primaryClass   = "hep-ph",
      reportNumber   = "LU-TP-10-07, MCNET-10-04",
      SLACcitation   = "%%CITATION = ARXIV:1003.2384;%%"
}

@article{pythia_hadron,
      author         = "Andersson, Bo and Gustafson, G. and Ingelman, G. and
                        Sjostrand, T.",
      title          = "{Parton Fragmentation and String Dynamics}",
      journal        = "Phys. Rept.",
      volume         = "97",
      year           = "1983",
      pages          = "31-145",
      doi            = "10.1016/0370-1573(83)90080-7",
      reportNumber   = "LU-TP-83-10",
      SLACcitation   = "%%CITATION = PRPLC,97,31;%%"
}

@article{herwig_pp,
      author         = "Bellm, J. and others",
      title          = "{Herwig++ 2.7 Release Note}",
      year           = "2013",
      eprint         = "1310.6877",
      archivePrefix  = "arXiv",
      primaryClass   = "hep-ph",
      reportNumber   = "IPPP-13-88, MCNET-13-15, DCPT-13-176, DESY-13-186,
                        KA-TP-31-2013, --ZU-TH-23-13",
      SLACcitation   = "%%CITATION = ARXIV:1310.6877;%%"
}

@article{cteqlo,
      author         = "Pumplin, J. and Stump, D. R. and Huston, J. and Lai, H.
                        L. and Nadolsky, Pavel M. and Tung, W. K.",
      title          = "{New generation of parton distributions with
                        uncertainties from global QCD analysis}",
      journal        = "JHEP",
      volume         = "07",
      year           = "2002",
      pages          = "012",
      doi            = "10.1088/1126-6708/2002/07/012",
      eprint         = "hep-ph/0201195",
      archivePrefix  = "arXiv",
      primaryClass   = "hep-ph",
      reportNumber   = "MSU-HEP-011101",
      SLACcitation   = "%%CITATION = HEP-PH/0201195;%%"
}

@Booklet{a14_tune,
    author         = "{ATLAS Collaboration}",
      title         = "{ATLAS Pythia8 tunes to 7 TeV data}",
    howpublished   = "{ATL-PHYS-PUB-2014-021}",
      url           = "https://cds.cern.ch/record/1966419",
      year           = "{2014}",
}

@article{geant4,
      author         = "Agostinelli, S. and others",
      title          = "{GEANT4: A Simulation toolkit}",
      collaboration  = "GEANT4",
      journal        = "Nucl. Instrum. Meth. A",
      volume         = "506",
      year           = "2003",
      pages          = "250-303",
      doi            = "10.1016/S0168-9002(03)01368-8",
      reportNumber   = "SLAC-PUB-9350, FERMILAB-PUB-03-339",
      SLACcitation   = "%%CITATION = NUIMA,A506,250;%%"
}

@article{string_geant4,
      author         = "Folger, G. and Wellisch, J. P.",
      title          = "{String parton models in GEANT4}",
      booktitle      = "{Proceedings, 13th International Conference on Computing
                        in High-Enery and Nuclear Physics (CHEP 2003): La Jolla,
                        California, March 24-28, 2003}",
      journal        = "eConf",
      volume         = "C0303241",
      year           = "2003",
      pages          = "MOMT007",
      eprint         = "nucl-th/0306007",
      archivePrefix  = "arXiv",
      primaryClass   = "nucl-th",
      reportNumber   = "CHEP-2003-MOMT007",
      SLACcitation   = "%%CITATION = NUCL-TH/0306007;%%"
}





















